<record xmlns="http://www.loc.gov/MARC21/slim" xmlns:xsi="http://www.w3.org/2001/XMLSchema-instance" xsi:schemaLocation="http://www.loc.gov/MARC21/slim http://www.loc.gov/standards/marcxml/schema/MARC21slim.xsd"><leader>01187cz   2200325n  4500</leader><controlfield tag="001">oca00359282 </controlfield><controlfield tag="003">OCoLC</controlfield><controlfield tag="005">20051006094533.0</controlfield><controlfield tag="008">800624n| acannaab           |a aaa      </controlfield><datafield ind1=" " ind2=" " tag="010"><subfield code="a">n  79127755 </subfield></datafield><datafield ind1=" " ind2=" " tag="040"><subfield code="a">DLC</subfield><subfield code="c">DLC</subfield><subfield code="d">DLC</subfield></datafield><datafield ind1="0" ind2=" " tag="100"><subfield code="a">Sophocles</subfield></datafield><datafield ind1="0" ind2=" " tag="400"><subfield code="a">Sophocle</subfield></datafield><datafield ind1="0" ind2=" " tag="400"><subfield code="a">Sófocles</subfield></datafield><datafield ind1="0" ind2=" " tag="400"><subfield code="a">Sofoklis</subfield></datafield><datafield ind1="0" ind2=" " tag="400"><subfield code="a">Sofokl</subfield></datafield><datafield ind1="0" ind2=" " tag="400"><subfield code="a">Sūfūklīs</subfield></datafield><datafield ind1="0" ind2=" " tag="400"><subfield code="a">Sofokles</subfield></datafield><datafield ind1="0" ind2=" " tag="400"><subfield code="a">Sūtmūklīs</subfield></datafield><datafield ind1="0" ind2=" " tag="400"><subfield code="a">Sofocle</subfield></datafield><datafield ind1="0" ind2=" " tag="400"><subfield code="a">Sophokles</subfield></datafield><datafield ind1="0" ind2=" " tag="400"><subfield code="a">Sofokŭl</subfield></datafield><datafield ind1=" " ind2=" " tag="670"><subfield code="a">Collins, W. L. Sofokil.</subfield></datafield><datafield ind1=" " ind2=" " tag="670"><subfield code="a">Marinho, I. P. Interpretação de "Antígora" à luz do direito natural, 1980:</subfield><subfield code="b">p. 4 of cover (Sófocles)</subfield></datafield><datafield ind1=" " ind2=" " tag="670"><subfield code="a">Di Benedetto, V. Sofocle, 1983:</subfield><subfield code="b">t.p. (Sofocle)</subfield></datafield><datafield ind1=" " ind2=" " tag="670"><subfield code="a">Leinieks, V. The plays of Sophokles, 1982:</subfield><subfield code="b">t.p. (Sophokles)</subfield></datafield><datafield ind1=" " ind2=" " tag="670"><subfield code="a">Anouilh, J. Œdipe, ou, Le roi boiteux, c1986:</subfield><subfield code="b">t.p. (Sophocle)</subfield></datafield><datafield ind1=" " ind2=" " tag="670"><subfield code="a">nuc89-70689: His Tragedijos, 1984</subfield><subfield code="b">(hdg. on PU rept.: Sophocles; usage: Sofoklis)</subfield></datafield><datafield ind1=" " ind2=" " tag="670"><subfield code="a">His Antigone, 1995:</subfield><subfield code="b">CIP t.p. (Sophocles) fact sheet (Greek playwright and administrator; b. at Colonus near Athens; 496 BC-406 BC)</subfield></datafield><datafield ind1=" " ind2=" " tag="670"><subfield code="a">Edip Tiraninŭt ot Sofokŭl, 2002.</subfield></datafield></record>